<?xml version="1.0" encoding="UTF-8"?><collection xmlns="http://www.loc.gov/MARC21/slim"><record><leader>00318nam--2200121-i-4500</leader><controlfield tag="001">000043941</controlfield><controlfield tag="002">20161230</controlfield><controlfield tag="005">20161230201044</controlfield><controlfield tag="008">060222s1000------------r-----000-0-eng-d</controlfield><datafield ind1=" " ind2=" " tag="100"><subfield code="a">Taylor Moddie D</subfield></datafield><datafield ind1=" " ind2=" " tag="245"><subfield code="a">First principles of chemistry</subfield></datafield><datafield ind1=" " ind2=" " tag="260"><subfield code="a">Princeton, D.Van Nostrand Co.Inc.,1960. Xxii + 688 P</subfield></datafield><datafield ind1=" " ind2=" " tag="852"><subfield code="a">18572</subfield></datafield></record></collection>